%YAML 1.1
%TAG !u! tag:unity3d.com,2011:
--- !u!1 &2117845987898360769
GameObject:
  m_ObjectHideFlags: 0
  m_CorrespondingSourceObject: {fileID: 0}
  m_PrefabInstance: {fileID: 0}
  m_PrefabAsset: {fileID: 0}
  serializedVersion: 6
  m_Component:
  - component: {fileID: 4929992292463308072}
  - component: {fileID: 1487428211138417741}
  - component: {fileID: 6627680734910463993}
  - component: {fileID: 5371771992741216787}
  - component: {fileID: 5736083817670581976}
  - component: {fileID: 6601346659260893371}
  m_Layer: 0
  m_Name: Sprite
  m_TagString: Untagged
  m_Icon: {fileID: 0}
  m_NavMeshLayer: 0
  m_StaticEditorFlags: 0
  m_IsActive: 1
--- !u!4 &4929992292463308072
Transform:
  m_ObjectHideFlags: 0
  m_CorrespondingSourceObject: {fileID: 0}
  m_PrefabInstance: {fileID: 0}
  m_PrefabAsset: {fileID: 0}
  m_GameObject: {fileID: 2117845987898360769}
  m_LocalRotation: {x: 0, y: 0, z: 0, w: 1}
  m_LocalPosition: {x: 0, y: 0, z: 0}
  m_LocalScale: {x: 1.8884919, y: 2.042592, z: 1}
  m_ConstrainProportionsScale: 0
  m_Children: []
  m_Father: {fileID: 3069122953249306416}
  m_RootOrder: 0
  m_LocalEulerAnglesHint: {x: 0, y: 0, z: 0}
--- !u!212 &1487428211138417741
SpriteRenderer:
  m_ObjectHideFlags: 0
  m_CorrespondingSourceObject: {fileID: 0}
  m_PrefabInstance: {fileID: 0}
  m_PrefabAsset: {fileID: 0}
  m_GameObject: {fileID: 2117845987898360769}
  m_Enabled: 1
  m_CastShadows: 0
  m_ReceiveShadows: 0
  m_DynamicOccludee: 1
  m_StaticShadowCaster: 0
  m_MotionVectors: 1
  m_LightProbeUsage: 1
  m_ReflectionProbeUsage: 1
  m_RayTracingMode: 0
  m_RayTraceProcedural: 0
  m_RenderingLayerMask: 1
  m_RendererPriority: 0
  m_Materials:
  - {fileID: 2100000, guid: a97c105638bdf8b4a8650670310a4cd3, type: 2}
  m_StaticBatchInfo:
    firstSubMesh: 0
    subMeshCount: 0
  m_StaticBatchRoot: {fileID: 0}
  m_ProbeAnchor: {fileID: 0}
  m_LightProbeVolumeOverride: {fileID: 0}
  m_ScaleInLightmap: 1
  m_ReceiveGI: 1
  m_PreserveUVs: 0
  m_IgnoreNormalsForChartDetection: 0
  m_ImportantGI: 0
  m_StitchLightmapSeams: 1
  m_SelectedEditorRenderState: 0
  m_MinimumChartSize: 4
  m_AutoUVMaxDistance: 0.5
  m_AutoUVMaxAngle: 89
  m_LightmapParameters: {fileID: 0}
  m_SortingLayerID: -1925168523
  m_SortingLayer: 5
  m_SortingOrder: 0
  m_Sprite: {fileID: 1040774806, guid: ea5fc5678898aaa4da8488cd20374c5c, type: 3}
  m_Color: {r: 1, g: 1, b: 1, a: 1}
  m_FlipX: 0
  m_FlipY: 0
  m_DrawMode: 0
  m_Size: {x: 0.32, y: 0.32}
  m_AdaptiveModeThreshold: 0.5
  m_SpriteTileMode: 0
  m_WasSpriteAssigned: 1
  m_MaskInteraction: 0
  m_SpriteSortPoint: 0
--- !u!95 &6627680734910463993
Animator:
  serializedVersion: 5
  m_ObjectHideFlags: 0
  m_CorrespondingSourceObject: {fileID: 0}
  m_PrefabInstance: {fileID: 0}
  m_PrefabAsset: {fileID: 0}
  m_GameObject: {fileID: 2117845987898360769}
  m_Enabled: 1
  m_Avatar: {fileID: 0}
  m_Controller: {fileID: 9100000, guid: 856a14ccb58965141a2a21b732394ac8, type: 2}
  m_CullingMode: 0
  m_UpdateMode: 0
  m_ApplyRootMotion: 0
  m_LinearVelocityBlending: 0
  m_StabilizeFeet: 0
  m_WarningMessage: 
  m_HasTransformHierarchy: 1
  m_AllowConstantClipSamplingOptimization: 1
  m_KeepAnimatorStateOnDisable: 0
--- !u!114 &5371771992741216787
MonoBehaviour:
  m_ObjectHideFlags: 0
  m_CorrespondingSourceObject: {fileID: 0}
  m_PrefabInstance: {fileID: 0}
  m_PrefabAsset: {fileID: 0}
  m_GameObject: {fileID: 2117845987898360769}
  m_Enabled: 1
  m_EditorHideFlags: 0
  m_Script: {fileID: 11500000, guid: e53c0d0f77ba09b4595b05b4263929f6, type: 3}
  m_Name: 
  m_EditorClassIdentifier: 
  stepSounds:
  - {fileID: 8300000, guid: 3b8f7772ee7e6ba4f8e09738c0a603ac, type: 3}
  - {fileID: 8300000, guid: 566cf4157e65b784abf655e1e54076a9, type: 3}
  - {fileID: 8300000, guid: d038f602eedbb6c44a4d381ec5045504, type: 3}
  - {fileID: 8300000, guid: e704c5c96ef6e42468f8ee0c5561e49f, type: 3}
  - {fileID: 8300000, guid: 5f9cf3b24b361ef40911e3489e41d421, type: 3}
  - {fileID: 8300000, guid: 64af4309b2b368545b39ab76f75e55ba, type: 3}
  - {fileID: 8300000, guid: aa13336facedb9b49b7044d1eeb9aa6a, type: 3}
--- !u!114 &5736083817670581976
MonoBehaviour:
  m_ObjectHideFlags: 0
  m_CorrespondingSourceObject: {fileID: 0}
  m_PrefabInstance: {fileID: 0}
  m_PrefabAsset: {fileID: 0}
  m_GameObject: {fileID: 2117845987898360769}
  m_Enabled: 1
  m_EditorHideFlags: 0
  m_Script: {fileID: 11500000, guid: 24ba3213534387a49ab2ace0cf8f0c7c, type: 3}
  m_Name: 
  m_EditorClassIdentifier: 
--- !u!82 &6601346659260893371
AudioSource:
  m_ObjectHideFlags: 0
  m_CorrespondingSourceObject: {fileID: 0}
  m_PrefabInstance: {fileID: 0}
  m_PrefabAsset: {fileID: 0}
  m_GameObject: {fileID: 2117845987898360769}
  m_Enabled: 1
  serializedVersion: 4
  OutputAudioMixerGroup: {fileID: 0}
  m_audioClip: {fileID: 0}
  m_PlayOnAwake: 1
  m_Volume: 0.031
  m_Pitch: 2.57
  Loop: 0
  Mute: 0
  Spatialize: 0
  SpatializePostEffects: 0
  Priority: 128
  DopplerLevel: 1
  MinDistance: 1
  MaxDistance: 500
  Pan2D: 0
  rolloffMode: 0
  BypassEffects: 0
  BypassListenerEffects: 0
  BypassReverbZones: 0
  rolloffCustomCurve:
    serializedVersion: 2
    m_Curve:
    - serializedVersion: 3
      time: 0
      value: 1
      inSlope: 0
      outSlope: 0
      tangentMode: 0
      weightedMode: 0
      inWeight: 0.33333334
      outWeight: 0.33333334
    - serializedVersion: 3
      time: 1
      value: 0
      inSlope: 0
      outSlope: 0
      tangentMode: 0
      weightedMode: 0
      inWeight: 0.33333334
      outWeight: 0.33333334
    m_PreInfinity: 2
    m_PostInfinity: 2
    m_RotationOrder: 4
  panLevelCustomCurve:
    serializedVersion: 2
    m_Curve:
    - serializedVersion: 3
      time: 0
      value: 0
      inSlope: 0
      outSlope: 0
      tangentMode: 0
      weightedMode: 0
      inWeight: 0.33333334
      outWeight: 0.33333334
    m_PreInfinity: 2
    m_PostInfinity: 2
    m_RotationOrder: 4
  spreadCustomCurve:
    serializedVersion: 2
    m_Curve:
    - serializedVersion: 3
      time: 0
      value: 0
      inSlope: 0
      outSlope: 0
      tangentMode: 0
      weightedMode: 0
      inWeight: 0.33333334
      outWeight: 0.33333334
    m_PreInfinity: 2
    m_PostInfinity: 2
    m_RotationOrder: 4
  reverbZoneMixCustomCurve:
    serializedVersion: 2
    m_Curve:
    - serializedVersion: 3
      time: 0
      value: 1
      inSlope: 0
      outSlope: 0
      tangentMode: 0
      weightedMode: 0
      inWeight: 0.33333334
      outWeight: 0.33333334
    m_PreInfinity: 2
    m_PostInfinity: 2
    m_RotationOrder: 4
--- !u!1 &4433817217992999590
GameObject:
  m_ObjectHideFlags: 0
  m_CorrespondingSourceObject: {fileID: 0}
  m_PrefabInstance: {fileID: 0}
  m_PrefabAsset: {fileID: 0}
  serializedVersion: 6
  m_Component:
  - component: {fileID: 3069122953249306416}
  - component: {fileID: 8578493024497081485}
  - component: {fileID: 2958509123048754169}
  - component: {fileID: 3226701461482628615}
  - component: {fileID: 8923683512816245600}
  - component: {fileID: 7329279381927124659}
  - component: {fileID: 7997291289247628424}
  m_Layer: 3
  m_Name: Player
  m_TagString: Player
  m_Icon: {fileID: 0}
  m_NavMeshLayer: 0
  m_StaticEditorFlags: 0
  m_IsActive: 1
--- !u!4 &3069122953249306416
Transform:
  m_ObjectHideFlags: 0
  m_CorrespondingSourceObject: {fileID: 0}
  m_PrefabInstance: {fileID: 0}
  m_PrefabAsset: {fileID: 0}
  m_GameObject: {fileID: 4433817217992999590}
  m_LocalRotation: {x: -0, y: -0, z: -0, w: 1}
  m_LocalPosition: {x: -9.402, y: -3.009, z: 0.026534751}
  m_LocalScale: {x: 1, y: 1, z: 1}
  m_ConstrainProportionsScale: 0
  m_Children:
  - {fileID: 4929992292463308072}
  - {fileID: 6948144831686658410}
  m_Father: {fileID: 0}
  m_RootOrder: 0
  m_LocalEulerAnglesHint: {x: 0, y: 0, z: 0}
--- !u!70 &8578493024497081485
CapsuleCollider2D:
  m_ObjectHideFlags: 0
  m_CorrespondingSourceObject: {fileID: 0}
  m_PrefabInstance: {fileID: 0}
  m_PrefabAsset: {fileID: 0}
  m_GameObject: {fileID: 4433817217992999590}
  m_Enabled: 1
  m_Density: 1
  m_Material: {fileID: 0}
  m_IsTrigger: 0
  m_UsedByEffector: 0
  m_UsedByComposite: 0
  m_Offset: {x: -0.016090393, y: -0.035245895}
  m_Size: {x: 0.30844688, y: 0.57704926}
  m_Direction: 0
--- !u!50 &2958509123048754169
Rigidbody2D:
  serializedVersion: 4
  m_ObjectHideFlags: 0
  m_CorrespondingSourceObject: {fileID: 0}
  m_PrefabInstance: {fileID: 0}
  m_PrefabAsset: {fileID: 0}
  m_GameObject: {fileID: 4433817217992999590}
  m_BodyType: 0
  m_Simulated: 1
  m_UseFullKinematicContacts: 0
  m_UseAutoMass: 0
  m_Mass: 1
  m_LinearDrag: 0
  m_AngularDrag: 0.05
  m_GravityScale: 2
  m_Material: {fileID: 0}
  m_Interpolate: 0
  m_SleepingMode: 1
  m_CollisionDetection: 1
  m_Constraints: 4
--- !u!114 &3226701461482628615
MonoBehaviour:
  m_ObjectHideFlags: 0
  m_CorrespondingSourceObject: {fileID: 0}
  m_PrefabInstance: {fileID: 0}
  m_PrefabAsset: {fileID: 0}
  m_GameObject: {fileID: 4433817217992999590}
  m_Enabled: 1
  m_EditorHideFlags: 0
  m_Script: {fileID: 11500000, guid: a8e36e6c4fb2d6e448a15dc5117bf40e, type: 3}
  m_Name: 
  m_EditorClassIdentifier: 
  walkGroundSpeed: 2.5
  runGroundSpeed: 4
  jumpForce: 8
  maxVerticalSpeed: 10
  infiniteJump: 0
  groundLayers:
    serializedVersion: 2
    m_Bits: 256
  wallLayers:
    serializedVersion: 2
    m_Bits: 128
  jumpSounds:
  - {fileID: 8300000, guid: 07d10635091f3954ea7d92757805615b, type: 3}
  - {fileID: 8300000, guid: 10893bddff315404db9f969d26ebc743, type: 3}
  - {fileID: 8300000, guid: 2bdfd774a20871d4aa4c08adbfa46863, type: 3}
  landSound: {fileID: 8300000, guid: f054e69684d02664882a5362a290d057, type: 3}
  jumpObservers: []
--- !u!114 &8923683512816245600
MonoBehaviour:
  m_ObjectHideFlags: 0
  m_CorrespondingSourceObject: {fileID: 0}
  m_PrefabInstance: {fileID: 0}
  m_PrefabAsset: {fileID: 0}
  m_GameObject: {fileID: 4433817217992999590}
  m_Enabled: 1
  m_EditorHideFlags: 0
  m_Script: {fileID: 11500000, guid: ba87d064456912140b87cbc0ceac332b, type: 3}
  m_Name: 
  m_EditorClassIdentifier: 
  sprite: {fileID: 1487428211138417741}
  anim: {fileID: 6627680734910463993}
--- !u!114 &7329279381927124659
MonoBehaviour:
  m_ObjectHideFlags: 0
  m_CorrespondingSourceObject: {fileID: 0}
  m_PrefabInstance: {fileID: 0}
  m_PrefabAsset: {fileID: 0}
  m_GameObject: {fileID: 4433817217992999590}
  m_Enabled: 1
  m_EditorHideFlags: 0
  m_Script: {fileID: 11500000, guid: 10c1ff955917b854f829bad90dbb6a9b, type: 3}
  m_Name: 
  m_EditorClassIdentifier: 
  damageLayer:
    serializedVersion: 2
    m_Bits: 512
--- !u!82 &7997291289247628424
AudioSource:
  m_ObjectHideFlags: 0
  m_CorrespondingSourceObject: {fileID: 0}
  m_PrefabInstance: {fileID: 0}
  m_PrefabAsset: {fileID: 0}
  m_GameObject: {fileID: 4433817217992999590}
  m_Enabled: 1
  serializedVersion: 4
  OutputAudioMixerGroup: {fileID: 0}
  m_audioClip: {fileID: 0}
  m_PlayOnAwake: 1
  m_Volume: 1
  m_Pitch: 1
  Loop: 0
  Mute: 0
  Spatialize: 0
  SpatializePostEffects: 0
  Priority: 128
  DopplerLevel: 1
  MinDistance: 1
  MaxDistance: 500
  Pan2D: 0
  rolloffMode: 0
  BypassEffects: 0
  BypassListenerEffects: 0
  BypassReverbZones: 0
  rolloffCustomCurve:
    serializedVersion: 2
    m_Curve:
    - serializedVersion: 3
      time: 0
      value: 1
      inSlope: 0
      outSlope: 0
      tangentMode: 0
      weightedMode: 0
      inWeight: 0.33333334
      outWeight: 0.33333334
    - serializedVersion: 3
      time: 1
      value: 0
      inSlope: 0
      outSlope: 0
      tangentMode: 0
      weightedMode: 0
      inWeight: 0.33333334
      outWeight: 0.33333334
    m_PreInfinity: 2
    m_PostInfinity: 2
    m_RotationOrder: 4
  panLevelCustomCurve:
    serializedVersion: 2
    m_Curve:
    - serializedVersion: 3
      time: 0
      value: 0
      inSlope: 0
      outSlope: 0
      tangentMode: 0
      weightedMode: 0
      inWeight: 0.33333334
      outWeight: 0.33333334
    m_PreInfinity: 2
    m_PostInfinity: 2
    m_RotationOrder: 4
  spreadCustomCurve:
    serializedVersion: 2
    m_Curve:
    - serializedVersion: 3
      time: 0
      value: 0
      inSlope: 0
      outSlope: 0
      tangentMode: 0
      weightedMode: 0
      inWeight: 0.33333334
      outWeight: 0.33333334
    m_PreInfinity: 2
    m_PostInfinity: 2
    m_RotationOrder: 4
  reverbZoneMixCustomCurve:
    serializedVersion: 2
    m_Curve:
    - serializedVersion: 3
      time: 0
      value: 1
      inSlope: 0
      outSlope: 0
      tangentMode: 0
      weightedMode: 0
      inWeight: 0.33333334
      outWeight: 0.33333334
    m_PreInfinity: 2
    m_PostInfinity: 2
    m_RotationOrder: 4
--- !u!1 &5105574804310425361
GameObject:
  m_ObjectHideFlags: 0
  m_CorrespondingSourceObject: {fileID: 0}
  m_PrefabInstance: {fileID: 0}
  m_PrefabAsset: {fileID: 0}
  serializedVersion: 6
  m_Component:
  - component: {fileID: 6948144831686658410}
  - component: {fileID: 5748507069277258150}
  m_Layer: 0
  m_Name: light
  m_TagString: Untagged
  m_Icon: {fileID: 0}
  m_NavMeshLayer: 0
  m_StaticEditorFlags: 0
  m_IsActive: 1
--- !u!4 &6948144831686658410
Transform:
  m_ObjectHideFlags: 0
  m_CorrespondingSourceObject: {fileID: 0}
  m_PrefabInstance: {fileID: 0}
  m_PrefabAsset: {fileID: 0}
  m_GameObject: {fileID: 5105574804310425361}
  m_LocalRotation: {x: 0, y: 0, z: 0, w: 1}
  m_LocalPosition: {x: 0, y: 0, z: 0}
  m_LocalScale: {x: 1, y: 1, z: 1}
  m_ConstrainProportionsScale: 0
  m_Children: []
  m_Father: {fileID: 3069122953249306416}
  m_RootOrder: 1
  m_LocalEulerAnglesHint: {x: 0, y: 0, z: 0}
--- !u!114 &5748507069277258150
MonoBehaviour:
  m_ObjectHideFlags: 0
  m_CorrespondingSourceObject: {fileID: 0}
  m_PrefabInstance: {fileID: 0}
  m_PrefabAsset: {fileID: 0}
  m_GameObject: {fileID: 5105574804310425361}
  m_Enabled: 1
  m_EditorHideFlags: 0
  m_Script: {fileID: 11500000, guid: 073797afb82c5a1438f328866b10b3f0, type: 3}
  m_Name: 
  m_EditorClassIdentifier: 
  m_ComponentVersion: 1
  m_LightType: 3
  m_BlendStyleIndex: 0
  m_FalloffIntensity: 0.672
  m_Color: {r: 1, g: 1, b: 1, a: 1}
  m_Intensity: 0.5
  m_LightVolumeIntensity: 1
  m_LightVolumeIntensityEnabled: 0
  m_ApplyToSortingLayers: 000000007542408d1fe8c6102ba3bcdcb5bf36bf
  m_LightCookieSprite: {fileID: 0}
  m_DeprecatedPointLightCookieSprite: {fileID: 0}
  m_LightOrder: 0
  m_AlphaBlendOnOverlap: 0
  m_OverlapOperation: 0
  m_NormalMapDistance: 3
  m_NormalMapQuality: 2
  m_UseNormalMap: 0
  m_ShadowIntensityEnabled: 0
  m_ShadowIntensity: 0.75
  m_ShadowVolumeIntensityEnabled: 0
  m_ShadowVolumeIntensity: 0.75
  m_Vertices:
  - position: {x: 0.9985302, y: 0.9985302, z: 0}
    color: {r: 0.70710677, g: 0.70710677, b: 0, a: 0}
    uv: {x: 0, y: 0}
  - position: {x: 0.9985302, y: 0.9985302, z: 0}
    color: {r: 0, g: 0, b: 0, a: 1}
    uv: {x: 0, y: 0}
  - position: {x: -0.9985302, y: 0.9985302, z: 0}
    color: {r: -0.70710677, g: 0.70710677, b: 0, a: 0}
    uv: {x: 0, y: 0}
  - position: {x: -0.9985302, y: 0.9985302, z: 0}
    color: {r: 0, g: 0, b: 0, a: 1}
    uv: {x: 0, y: 0}
  - position: {x: -0.99853003, y: -0.9985304, z: 0}
    color: {r: -0.70710665, g: -0.7071069, b: 0, a: 0}
    uv: {x: 0, y: 0}
  - position: {x: -0.99853003, y: -0.9985304, z: 0}
    color: {r: 0, g: 0, b: 0, a: 1}
    uv: {x: 0, y: 0}
  - position: {x: 0.99853003, y: -0.9985304, z: 0}
    color: {r: 0.70710665, g: -0.7071069, b: 0, a: 0}
    uv: {x: 0, y: 0}
  - position: {x: 0.99853003, y: -0.9985304, z: 0}
    color: {r: 0, g: 0, b: 0, a: 1}
    uv: {x: 0, y: 0}
  - position: {x: 0, y: 0, z: 0}
    color: {r: 0, g: 0, b: 0, a: 1}
    uv: {x: 0, y: 0}
  m_Triangles: 030001000800020000000100030002000100050003000800040002000300050004000300070005000800060004000500070006000500010007000800000006000700010000000700
  m_LocalBounds:
    m_Center: {x: 0, y: -0.00000011920929, z: 0}
    m_Extent: {x: 0.9985302, y: 0.99853027, z: 0}
  m_PointLightInnerAngle: 360.00003
  m_PointLightOuterAngle: 360.00003
  m_PointLightInnerRadius: 0
  m_PointLightOuterRadius: 2
  m_ShapeLightParametricSides: 5
  m_ShapeLightParametricAngleOffset: 0
  m_ShapeLightParametricRadius: 1
  m_ShapeLightFalloffSize: 0.5
  m_ShapeLightFalloffOffset: {x: 0, y: 0}
  m_ShapePath:
  - {x: -0.5, y: -0.5, z: 0}
  - {x: 0.5, y: -0.5, z: 0}
  - {x: 0.5, y: 0.5, z: 0}
  - {x: -0.5, y: 0.5, z: 0}
